<?xml version="1.0" encoding="UTF-8"?><record xmlns="http://www.loc.gov/MARC21/slim" xmlns:cinclude="http://apache.org/cocoon/include/1.0" xmlns:zs="http://www.loc.gov/zing/srw/">
  <leader>00495cz  a2200133n  4500</leader>
  <controlfield tag="001">n  92006132 </controlfield>
  <controlfield tag="003">DLC</controlfield>
  <controlfield tag="005">19920121125641.1</controlfield>
  <controlfield tag="008">920121n| acannaab|          |a aaa |||  </controlfield>
  <datafield tag="010" ind1=" " ind2=" ">
    <subfield code="a">n  92006132 </subfield>
  </datafield>
  <datafield tag="040" ind1=" " ind2=" ">
    <subfield code="a">DLC</subfield>
    <subfield code="c">DLC</subfield>
    <subfield code="d">DLC</subfield>
  </datafield>
  <datafield tag="100" ind1="1" ind2="0">
    <subfield code="a">Korobov, N. M.</subfield>
    <subfield code="q">(Nikolaĭ Mikhaĭlovich).</subfield>
    <subfield code="t">Trigonomicheskie summy i ikh prolozhenii︠a︡.</subfield>
    <subfield code="l">English</subfield>
  </datafield>
  <datafield tag="400" ind1="1" ind2="0">
    <subfield code="a">Korobov, N. M.</subfield>
    <subfield code="q">(Nikolaĭ Mikhaĭlovich).</subfield>
    <subfield code="t">Exponential sums and their applications</subfield>
  </datafield>
  <datafield tag="670" ind1=" " ind2=" ">
    <subfield code="a">His Exponential sums and their applications, 1992.</subfield>
  </datafield>
</record>